
@article{bungert2021bregman,
      title={A Bregman Learning Framework for Sparse Neural Networks}, 
      author={Leon Bungert and Tim Roith and Daniel Tenbrinck and Martin Burger},
      year={2021},
      eprint={2105.04319},
      archivePrefix={arXiv},
      primaryClass={cs.LG}
}

@article{bungert2021neural,
      title={Neural Architecture Search via Bregman Iterations}, 
      author={Leon Bungert and Tim Roith and Daniel Tenbrinck and Martin Burger},
      year={2021},
      eprint={2106.02479},
      archivePrefix={arXiv},
      primaryClass={cs.LG}
}

@inproceedings{he2015delving,
  title={Delving deep into rectifiers: Surpassing human-level performance on imagenet classification},
  author={He, Kaiming and Zhang, Xiangyu and Ren, Shaoqing and Sun, Jian},
  booktitle={Proceedings of the IEEE international conference on computer vision},
  pages={1026--1034},
  year={2015}
}

@article{Krizhevsky09,
    author = {Alex Krizhevsky},
    title = {Learning multiple layers of features from tiny images},
    institution = {},
    year = {2009}
}

@article{Bungert22,
  author  = {Leon Bungert and Tim Roith and Daniel Tenbrinck and Martin Burger},
  title   = {A Bregman Learning Framework for Sparse Neural Networks},
  journal = {Journal of Machine Learning Research},
  year    = {2022},
  volume  = {23},
  number  = {192},
  pages   = {1--43},
  url     = {http://jmlr.org/papers/v23/21-0545.html}
}